<?xml version="1.0" encoding="UTF-8"?><collection xmlns="http://www.loc.gov/MARC21/slim"><record><leader>00541nam--2200205-i-4500</leader><controlfield tag="001">000031012</controlfield><controlfield tag="002">20161230</controlfield><controlfield tag="005">20161230201038</controlfield><controlfield tag="008">060222s1000------------r-----000-0-eng-d</controlfield><datafield ind1=" " ind2=" " tag="020"><subfield code="a">0306308487</subfield></datafield><datafield ind1=" " ind2=" " tag="040"><subfield code="a">IFIN-HH</subfield></datafield><datafield ind1=" " ind2=" " tag="080"><subfield code="a">621.384.3:519.24:621.391.83</subfield></datafield><datafield ind1="1" ind2=" " tag="100"><subfield code="a">Lloyd, J.M</subfield></datafield><datafield ind1="1" ind2="0" tag="245"><subfield code="a">Thermal imaging systems</subfield><subfield code="c">J.m. lloyd</subfield></datafield><datafield ind1=" " ind2=" " tag="260"><subfield code="a">LONDON</subfield><subfield code="b">Plenum Press</subfield><subfield code="c">1975</subfield></datafield><datafield ind1=" " ind2=" " tag="300"><subfield code="a">XIX+451P</subfield></datafield><datafield ind1=" " ind2=" " tag="490"><subfield code="a">Optical Physics And Engineering</subfield></datafield><datafield ind1=" " ind2="0" tag="650"><subfield code="a">Infra-red Tehcnology</subfield></datafield><datafield ind1=" " ind2=" " tag="852"><subfield code="a">45953</subfield><subfield code="c">535</subfield></datafield><datafield ind1=" " ind2=" " tag="CAT"><subfield code="a">Sys</subfield><subfield code="c">20101123</subfield><subfield code="h">104329</subfield></datafield></record></collection>